%YAML 1.1
%TAG !u! tag:unity3d.com,2011:
--- !u!29 &1
OcclusionCullingSettings:
  m_ObjectHideFlags: 0
  serializedVersion: 2
  m_OcclusionBakeSettings:
    smallestOccluder: 5
    smallestHole: 0.25
    backfaceThreshold: 100
  m_SceneGUID: 00000000000000000000000000000000
  m_OcclusionCullingData: {fileID: 0}
--- !u!104 &2
RenderSettings:
  m_ObjectHideFlags: 0
  serializedVersion: 10
  m_Fog: 0
  m_FogColor: {r: 0.5, g: 0.5, b: 0.5, a: 1}
  m_FogMode: 3
  m_FogDensity: 0.01
  m_LinearFogStart: 0
  m_LinearFogEnd: 300
  m_AmbientSkyColor: {r: 0.212, g: 0.227, b: 0.259, a: 1}
  m_AmbientEquatorColor: {r: 0.114, g: 0.125, b: 0.133, a: 1}
  m_AmbientGroundColor: {r: 0.047, g: 0.043, b: 0.035, a: 1}
  m_AmbientIntensity: 1
  m_AmbientMode: 0
  m_SubtractiveShadowColor: {r: 0.42, g: 0.478, b: 0.627, a: 1}
  m_SkyboxMaterial: {fileID: 10304, guid: 0000000000000000f000000000000000, type: 0}
  m_HaloStrength: 0.5
  m_FlareStrength: 1
  m_FlareFadeSpeed: 3
  m_HaloTexture: {fileID: 0}
  m_SpotCookie: {fileID: 10001, guid: 0000000000000000e000000000000000, type: 0}
  m_DefaultReflectionMode: 0
  m_DefaultReflectionResolution: 128
  m_ReflectionBounces: 1
  m_ReflectionIntensity: 1
  m_CustomReflection: {fileID: 0}
  m_Sun: {fileID: 0}
  m_IndirectSpecularColor: {r: 0, g: 0, b: 0, a: 1}
  m_UseRadianceAmbientProbe: 0
--- !u!157 &3
LightmapSettings:
  m_ObjectHideFlags: 0
  serializedVersion: 12
  m_GISettings:
    serializedVersion: 2
    m_BounceScale: 1
    m_IndirectOutputScale: 1
    m_AlbedoBoost: 1
    m_EnvironmentLightingMode: 0
    m_EnableBakedLightmaps: 1
    m_EnableRealtimeLightmaps: 0
  m_LightmapEditorSettings:
    serializedVersion: 12
    m_Resolution: 2
    m_BakeResolution: 40
    m_AtlasSize: 1024
    m_AO: 0
    m_AOMaxDistance: 1
    m_CompAOExponent: 1
    m_CompAOExponentDirect: 0
    m_ExtractAmbientOcclusion: 0
    m_Padding: 2
    m_LightmapParameters: {fileID: 0}
    m_LightmapsBakeMode: 1
    m_TextureCompression: 1
    m_ReflectionCompression: 2
    m_MixedBakeMode: 2
    m_BakeBackend: 1
    m_PVRSampling: 1
    m_PVRDirectSampleCount: 32
    m_PVRSampleCount: 512
    m_PVRBounces: 2
    m_PVREnvironmentSampleCount: 256
    m_PVREnvironmentReferencePointCount: 2048
    m_PVRFilteringMode: 1
    m_PVRDenoiserTypeDirect: 1
    m_PVRDenoiserTypeIndirect: 1
    m_PVRDenoiserTypeAO: 1
    m_PVRFilterTypeDirect: 0
    m_PVRFilterTypeIndirect: 0
    m_PVRFilterTypeAO: 0
    m_PVREnvironmentMIS: 1
    m_PVRCulling: 1
    m_PVRFilteringGaussRadiusDirect: 1
    m_PVRFilteringGaussRadiusIndirect: 5
    m_PVRFilteringGaussRadiusAO: 2
    m_PVRFilteringAtrousPositionSigmaDirect: 0.5
    m_PVRFilteringAtrousPositionSigmaIndirect: 2
    m_PVRFilteringAtrousPositionSigmaAO: 1
    m_ExportTrainingData: 0
    m_TrainingDataDestination: TrainingData
    m_LightProbeSampleCountMultiplier: 4
  m_LightingDataAsset: {fileID: 0}
  m_LightingSettings: {fileID: 0}
--- !u!196 &4
NavMeshSettings:
  serializedVersion: 2
  m_ObjectHideFlags: 0
  m_BuildSettings:
    serializedVersion: 3
    agentTypeID: 0
    agentRadius: 0.5
    agentHeight: 2
    agentSlope: 45
    agentClimb: 0.4
    ledgeDropHeight: 0
    maxJumpAcrossDistance: 0
    minRegionArea: 2
    manualCellSize: 0
    cellSize: 0.16666667
    manualTileSize: 0
    tileSize: 256
    buildHeightMesh: 0
    maxJobWorkers: 0
    preserveTilesOutsideBounds: 0
    debug:
      m_Flags: 0
  m_NavMeshData: {fileID: 0}
--- !u!1 &254702645
GameObject:
  m_ObjectHideFlags: 0
  m_CorrespondingSourceObject: {fileID: 0}
  m_PrefabInstance: {fileID: 0}
  m_PrefabAsset: {fileID: 0}
  serializedVersion: 6
  m_Component:
  - component: {fileID: 254702646}
  - component: {fileID: 254702648}
  - component: {fileID: 254702647}
  m_Layer: 5
  m_Name: Image
  m_TagString: Untagged
  m_Icon: {fileID: 0}
  m_NavMeshLayer: 0
  m_StaticEditorFlags: 0
  m_IsActive: 1
--- !u!224 &254702646
RectTransform:
  m_ObjectHideFlags: 0
  m_CorrespondingSourceObject: {fileID: 0}
  m_PrefabInstance: {fileID: 0}
  m_PrefabAsset: {fileID: 0}
  m_GameObject: {fileID: 254702645}
  m_LocalRotation: {x: 0, y: 0, z: 0, w: 1}
  m_LocalPosition: {x: 0, y: 0, z: 0}
  m_LocalScale: {x: 1, y: 1, z: 1}
  m_ConstrainProportionsScale: 0
  m_Children: []
  m_Father: {fileID: 1580457331}
  m_LocalEulerAnglesHint: {x: 0, y: 0, z: 0}
  m_AnchorMin: {x: 0, y: 0}
  m_AnchorMax: {x: 0, y: 1}
  m_AnchoredPosition: {x: 0.000061035156, y: 0}
  m_SizeDelta: {x: 25, y: 0}
  m_Pivot: {x: 0, y: 0.5}
--- !u!114 &254702647
MonoBehaviour:
  m_ObjectHideFlags: 0
  m_CorrespondingSourceObject: {fileID: 0}
  m_PrefabInstance: {fileID: 0}
  m_PrefabAsset: {fileID: 0}
  m_GameObject: {fileID: 254702645}
  m_Enabled: 1
  m_EditorHideFlags: 0
  m_Script: {fileID: 11500000, guid: fe87c0e1cc204ed48ad3b37840f39efc, type: 3}
  m_Name: 
  m_EditorClassIdentifier: 
  m_Material: {fileID: 0}
  m_Color: {r: 0.2784314, g: 0.22745098, b: 0.40784314, a: 1}
  m_RaycastTarget: 1
  m_RaycastPadding: {x: 0, y: 0, z: 0, w: 0}
  m_Maskable: 1
  m_OnCullStateChanged:
    m_PersistentCalls:
      m_Calls: []
  m_Sprite: {fileID: 0}
  m_Type: 0
  m_PreserveAspect: 0
  m_FillCenter: 1
  m_FillMethod: 4
  m_FillAmount: 1
  m_FillClockwise: 1
  m_FillOrigin: 0
  m_UseSpriteMesh: 0
  m_PixelsPerUnitMultiplier: 1
--- !u!222 &254702648
CanvasRenderer:
  m_ObjectHideFlags: 0
  m_CorrespondingSourceObject: {fileID: 0}
  m_PrefabInstance: {fileID: 0}
  m_PrefabAsset: {fileID: 0}
  m_GameObject: {fileID: 254702645}
  m_CullTransparentMesh: 1
--- !u!1 &389732495
GameObject:
  m_ObjectHideFlags: 0
  m_CorrespondingSourceObject: {fileID: 0}
  m_PrefabInstance: {fileID: 0}
  m_PrefabAsset: {fileID: 0}
  serializedVersion: 6
  m_Component:
  - component: {fileID: 389732498}
  - component: {fileID: 389732497}
  - component: {fileID: 389732496}
  m_Layer: 0
  m_Name: EventSystem
  m_TagString: Untagged
  m_Icon: {fileID: 0}
  m_NavMeshLayer: 0
  m_StaticEditorFlags: 0
  m_IsActive: 1
--- !u!114 &389732496
MonoBehaviour:
  m_ObjectHideFlags: 0
  m_CorrespondingSourceObject: {fileID: 0}
  m_PrefabInstance: {fileID: 0}
  m_PrefabAsset: {fileID: 0}
  m_GameObject: {fileID: 389732495}
  m_Enabled: 1
  m_EditorHideFlags: 0
  m_Script: {fileID: 11500000, guid: 4f231c4fb786f3946a6b90b886c48677, type: 3}
  m_Name: 
  m_EditorClassIdentifier: 
  m_SendPointerHoverToParent: 1
  m_HorizontalAxis: Horizontal
  m_VerticalAxis: Vertical
  m_SubmitButton: Submit
  m_CancelButton: Cancel
  m_InputActionsPerSecond: 10
  m_RepeatDelay: 0.5
  m_ForceModuleActive: 0
--- !u!114 &389732497
MonoBehaviour:
  m_ObjectHideFlags: 0
  m_CorrespondingSourceObject: {fileID: 0}
  m_PrefabInstance: {fileID: 0}
  m_PrefabAsset: {fileID: 0}
  m_GameObject: {fileID: 389732495}
  m_Enabled: 1
  m_EditorHideFlags: 0
  m_Script: {fileID: 11500000, guid: 76c392e42b5098c458856cdf6ecaaaa1, type: 3}
  m_Name: 
  m_EditorClassIdentifier: 
  m_FirstSelected: {fileID: 0}
  m_sendNavigationEvents: 1
  m_DragThreshold: 10
--- !u!4 &389732498
Transform:
  m_ObjectHideFlags: 0
  m_CorrespondingSourceObject: {fileID: 0}
  m_PrefabInstance: {fileID: 0}
  m_PrefabAsset: {fileID: 0}
  m_GameObject: {fileID: 389732495}
  serializedVersion: 2
  m_LocalRotation: {x: 0, y: 0, z: 0, w: 1}
  m_LocalPosition: {x: 0, y: 0, z: 0}
  m_LocalScale: {x: 1, y: 1, z: 1}
  m_ConstrainProportionsScale: 0
  m_Children: []
  m_Father: {fileID: 0}
  m_LocalEulerAnglesHint: {x: 0, y: 0, z: 0}
--- !u!1 &426354043
GameObject:
  m_ObjectHideFlags: 0
  m_CorrespondingSourceObject: {fileID: 0}
  m_PrefabInstance: {fileID: 0}
  m_PrefabAsset: {fileID: 0}
  serializedVersion: 6
  m_Component:
  - component: {fileID: 426354045}
  - component: {fileID: 426354044}
  - component: {fileID: 426354046}
  m_Layer: 0
  m_Name: Directional Light
  m_TagString: Untagged
  m_Icon: {fileID: 0}
  m_NavMeshLayer: 0
  m_StaticEditorFlags: 0
  m_IsActive: 1
--- !u!108 &426354044
Light:
  m_ObjectHideFlags: 0
  m_CorrespondingSourceObject: {fileID: 0}
  m_PrefabInstance: {fileID: 0}
  m_PrefabAsset: {fileID: 0}
  m_GameObject: {fileID: 426354043}
  m_Enabled: 1
  serializedVersion: 11
  m_Type: 1
  m_Color: {r: 1, g: 0.95686275, b: 0.8392157, a: 1}
  m_Intensity: 1
  m_Range: 10
  m_SpotAngle: 30
  m_InnerSpotAngle: 21.80208
  m_CookieSize: 10
  m_Shadows:
    m_Type: 2
    m_Resolution: -1
    m_CustomResolution: -1
    m_Strength: 1
    m_Bias: 0.05
    m_NormalBias: 0.4
    m_NearPlane: 0.2
    m_CullingMatrixOverride:
      e00: 1
      e01: 0
      e02: 0
      e03: 0
      e10: 0
      e11: 1
      e12: 0
      e13: 0
      e20: 0
      e21: 0
      e22: 1
      e23: 0
      e30: 0
      e31: 0
      e32: 0
      e33: 1
    m_UseCullingMatrixOverride: 0
  m_Cookie: {fileID: 0}
  m_DrawHalo: 0
  m_Flare: {fileID: 0}
  m_RenderMode: 0
  m_CullingMask:
    serializedVersion: 2
    m_Bits: 4294967295
  m_RenderingLayerMask: 1
  m_Lightmapping: 4
  m_LightShadowCasterMode: 0
  m_AreaSize: {x: 1, y: 1}
  m_BounceIntensity: 1
  m_ColorTemperature: 6570
  m_UseColorTemperature: 0
  m_BoundingSphereOverride: {x: 0, y: 0, z: 0, w: 0}
  m_UseBoundingSphereOverride: 0
  m_UseViewFrustumForShadowCasterCull: 1
  m_ShadowRadius: 0
  m_ShadowAngle: 0
--- !u!4 &426354045
Transform:
  m_ObjectHideFlags: 0
  m_CorrespondingSourceObject: {fileID: 0}
  m_PrefabInstance: {fileID: 0}
  m_PrefabAsset: {fileID: 0}
  m_GameObject: {fileID: 426354043}
  serializedVersion: 2
  m_LocalRotation: {x: 0.40821788, y: -0.23456968, z: 0.10938163, w: 0.8754261}
  m_LocalPosition: {x: 0, y: 3, z: 0}
  m_LocalScale: {x: 1, y: 1, z: 1}
  m_ConstrainProportionsScale: 0
  m_Children: []
  m_Father: {fileID: 0}
  m_LocalEulerAnglesHint: {x: 50, y: -30, z: 0}
--- !u!114 &426354046
MonoBehaviour:
  m_ObjectHideFlags: 0
  m_CorrespondingSourceObject: {fileID: 0}
  m_PrefabInstance: {fileID: 0}
  m_PrefabAsset: {fileID: 0}
  m_GameObject: {fileID: 426354043}
  m_Enabled: 1
  m_EditorHideFlags: 0
  m_Script: {fileID: 11500000, guid: 474bcb49853aa07438625e644c072ee6, type: 3}
  m_Name: 
  m_EditorClassIdentifier: 
  m_Version: 3
  m_UsePipelineSettings: 1
  m_AdditionalLightsShadowResolutionTier: 2
  m_LightLayerMask: 1
  m_RenderingLayers: 1
  m_CustomShadowLayers: 0
  m_ShadowLayerMask: 1
  m_ShadowRenderingLayers: 1
  m_LightCookieSize: {x: 1, y: 1}
  m_LightCookieOffset: {x: 0, y: 0}
  m_SoftShadowQuality: 0
--- !u!1 &509922630
GameObject:
  m_ObjectHideFlags: 0
  m_CorrespondingSourceObject: {fileID: 0}
  m_PrefabInstance: {fileID: 0}
  m_PrefabAsset: {fileID: 0}
  serializedVersion: 6
  m_Component:
  - component: {fileID: 509922631}
  - component: {fileID: 509922633}
  - component: {fileID: 509922632}
  m_Layer: 5
  m_Name: Image (1)
  m_TagString: Untagged
  m_Icon: {fileID: 0}
  m_NavMeshLayer: 0
  m_StaticEditorFlags: 0
  m_IsActive: 1
--- !u!224 &509922631
RectTransform:
  m_ObjectHideFlags: 0
  m_CorrespondingSourceObject: {fileID: 0}
  m_PrefabInstance: {fileID: 0}
  m_PrefabAsset: {fileID: 0}
  m_GameObject: {fileID: 509922630}
  m_LocalRotation: {x: 0, y: 0, z: 0, w: 1}
  m_LocalPosition: {x: 0, y: 0, z: 0}
  m_LocalScale: {x: 1, y: 1, z: 1}
  m_ConstrainProportionsScale: 0
  m_Children: []
  m_Father: {fileID: 1580457331}
  m_LocalEulerAnglesHint: {x: 0, y: 0, z: 0}
  m_AnchorMin: {x: 1, y: 0}
  m_AnchorMax: {x: 1, y: 1}
  m_AnchoredPosition: {x: -0.000061035156, y: 0}
  m_SizeDelta: {x: 25, y: 0}
  m_Pivot: {x: 1, y: 0.5}
--- !u!114 &509922632
MonoBehaviour:
  m_ObjectHideFlags: 0
  m_CorrespondingSourceObject: {fileID: 0}
  m_PrefabInstance: {fileID: 0}
  m_PrefabAsset: {fileID: 0}
  m_GameObject: {fileID: 509922630}
  m_Enabled: 1
  m_EditorHideFlags: 0
  m_Script: {fileID: 11500000, guid: fe87c0e1cc204ed48ad3b37840f39efc, type: 3}
  m_Name: 
  m_EditorClassIdentifier: 
  m_Material: {fileID: 0}
  m_Color: {r: 0.2784314, g: 0.22745098, b: 0.40784314, a: 1}
  m_RaycastTarget: 1
  m_RaycastPadding: {x: 0, y: 0, z: 0, w: 0}
  m_Maskable: 1
  m_OnCullStateChanged:
    m_PersistentCalls:
      m_Calls: []
  m_Sprite: {fileID: 0}
  m_Type: 0
  m_PreserveAspect: 0
  m_FillCenter: 1
  m_FillMethod: 4
  m_FillAmount: 1
  m_FillClockwise: 1
  m_FillOrigin: 0
  m_UseSpriteMesh: 0
  m_PixelsPerUnitMultiplier: 1
--- !u!222 &509922633
CanvasRenderer:
  m_ObjectHideFlags: 0
  m_CorrespondingSourceObject: {fileID: 0}
  m_PrefabInstance: {fileID: 0}
  m_PrefabAsset: {fileID: 0}
  m_GameObject: {fileID: 509922630}
  m_CullTransparentMesh: 1
--- !u!1 &524327149 stripped
GameObject:
  m_CorrespondingSourceObject: {fileID: 2986946233961868278, guid: 1cfe162195b033147bf0776326efe67f, type: 3}
  m_PrefabInstance: {fileID: 3422058530826243333}
  m_PrefabAsset: {fileID: 0}
--- !u!1001 &530272746
PrefabInstance:
  m_ObjectHideFlags: 0
  serializedVersion: 2
  m_Modification:
    serializedVersion: 3
    m_TransformParent: {fileID: 0}
    m_Modifications:
    - target: {fileID: 1923370675849637839, guid: 4ec33e4e468f7f34caa585ffc3addcfb, type: 3}
      propertyPath: audioClip
      value: 
      objectReference: {fileID: 8300000, guid: 1a72460024e00d54ba447b609e8896d1, type: 3}
    - target: {fileID: 1923370675849637839, guid: 4ec33e4e468f7f34caa585ffc3addcfb, type: 3}
      propertyPath: completionShader
      value: 
      objectReference: {fileID: -6465566751694194690, guid: f0b977e4af599564e974162049ebc278, type: 3}
    - target: {fileID: 5573621700956997167, guid: 4ec33e4e468f7f34caa585ffc3addcfb, type: 3}
      propertyPath: m_LocalPosition.x
      value: 0
      objectReference: {fileID: 0}
    - target: {fileID: 5573621700956997167, guid: 4ec33e4e468f7f34caa585ffc3addcfb, type: 3}
      propertyPath: m_LocalPosition.y
      value: 0
      objectReference: {fileID: 0}
    - target: {fileID: 5573621700956997167, guid: 4ec33e4e468f7f34caa585ffc3addcfb, type: 3}
      propertyPath: m_LocalPosition.z
      value: 0
      objectReference: {fileID: 0}
    - target: {fileID: 5573621700956997167, guid: 4ec33e4e468f7f34caa585ffc3addcfb, type: 3}
      propertyPath: m_LocalRotation.w
      value: 1
      objectReference: {fileID: 0}
    - target: {fileID: 5573621700956997167, guid: 4ec33e4e468f7f34caa585ffc3addcfb, type: 3}
      propertyPath: m_LocalRotation.x
      value: 0
      objectReference: {fileID: 0}
    - target: {fileID: 5573621700956997167, guid: 4ec33e4e468f7f34caa585ffc3addcfb, type: 3}
      propertyPath: m_LocalRotation.y
      value: 0
      objectReference: {fileID: 0}
    - target: {fileID: 5573621700956997167, guid: 4ec33e4e468f7f34caa585ffc3addcfb, type: 3}
      propertyPath: m_LocalRotation.z
      value: 0
      objectReference: {fileID: 0}
    - target: {fileID: 5573621700956997167, guid: 4ec33e4e468f7f34caa585ffc3addcfb, type: 3}
      propertyPath: m_LocalEulerAnglesHint.x
      value: 0
      objectReference: {fileID: 0}
    - target: {fileID: 5573621700956997167, guid: 4ec33e4e468f7f34caa585ffc3addcfb, type: 3}
      propertyPath: m_LocalEulerAnglesHint.y
      value: 0
      objectReference: {fileID: 0}
    - target: {fileID: 5573621700956997167, guid: 4ec33e4e468f7f34caa585ffc3addcfb, type: 3}
      propertyPath: m_LocalEulerAnglesHint.z
      value: 0
      objectReference: {fileID: 0}
    - target: {fileID: 8736947332331076171, guid: 4ec33e4e468f7f34caa585ffc3addcfb, type: 3}
      propertyPath: m_Name
      value: BoxBackgrounds
      objectReference: {fileID: 0}
    m_RemovedComponents: []
    m_RemovedGameObjects: []
    m_AddedGameObjects: []
    m_AddedComponents: []
  m_SourcePrefab: {fileID: 100100000, guid: 4ec33e4e468f7f34caa585ffc3addcfb, type: 3}
--- !u!1 &636662608
GameObject:
  m_ObjectHideFlags: 0
  m_CorrespondingSourceObject: {fileID: 0}
  m_PrefabInstance: {fileID: 0}
  m_PrefabAsset: {fileID: 0}
  serializedVersion: 6
  m_Component:
  - component: {fileID: 636662609}
  - component: {fileID: 636662611}
  - component: {fileID: 636662610}
  m_Layer: 5
  m_Name: Image (2)
  m_TagString: Untagged
  m_Icon: {fileID: 0}
  m_NavMeshLayer: 0
  m_StaticEditorFlags: 0
  m_IsActive: 1
--- !u!224 &636662609
RectTransform:
  m_ObjectHideFlags: 0
  m_CorrespondingSourceObject: {fileID: 0}
  m_PrefabInstance: {fileID: 0}
  m_PrefabAsset: {fileID: 0}
  m_GameObject: {fileID: 636662608}
  m_LocalRotation: {x: 0, y: 0, z: 0, w: 1}
  m_LocalPosition: {x: 0, y: 0, z: 0}
  m_LocalScale: {x: 1, y: 1, z: 1}
  m_ConstrainProportionsScale: 0
  m_Children: []
  m_Father: {fileID: 1580457331}
  m_LocalEulerAnglesHint: {x: 0, y: 0, z: 0}
  m_AnchorMin: {x: 0, y: 1}
  m_AnchorMax: {x: 1, y: 1}
  m_AnchoredPosition: {x: -0.000061035156, y: 0}
  m_SizeDelta: {x: 0, y: 150}
  m_Pivot: {x: 0.5, y: 1}
--- !u!114 &636662610
MonoBehaviour:
  m_ObjectHideFlags: 0
  m_CorrespondingSourceObject: {fileID: 0}
  m_PrefabInstance: {fileID: 0}
  m_PrefabAsset: {fileID: 0}
  m_GameObject: {fileID: 636662608}
  m_Enabled: 1
  m_EditorHideFlags: 0
  m_Script: {fileID: 11500000, guid: fe87c0e1cc204ed48ad3b37840f39efc, type: 3}
  m_Name: 
  m_EditorClassIdentifier: 
  m_Material: {fileID: 0}
  m_Color: {r: 0.2784314, g: 0.22745098, b: 0.40784314, a: 1}
  m_RaycastTarget: 1
  m_RaycastPadding: {x: 0, y: 0, z: 0, w: 0}
  m_Maskable: 1
  m_OnCullStateChanged:
    m_PersistentCalls:
      m_Calls: []
  m_Sprite: {fileID: 0}
  m_Type: 0
  m_PreserveAspect: 0
  m_FillCenter: 1
  m_FillMethod: 4
  m_FillAmount: 1
  m_FillClockwise: 1
  m_FillOrigin: 0
  m_UseSpriteMesh: 0
  m_PixelsPerUnitMultiplier: 1
--- !u!222 &636662611
CanvasRenderer:
  m_ObjectHideFlags: 0
  m_CorrespondingSourceObject: {fileID: 0}
  m_PrefabInstance: {fileID: 0}
  m_PrefabAsset: {fileID: 0}
  m_GameObject: {fileID: 636662608}
  m_CullTransparentMesh: 1
--- !u!114 &842823363 stripped
MonoBehaviour:
  m_CorrespondingSourceObject: {fileID: 2648851173630969989, guid: 1cfe162195b033147bf0776326efe67f, type: 3}
  m_PrefabInstance: {fileID: 3422058530826243333}
  m_PrefabAsset: {fileID: 0}
  m_GameObject: {fileID: 0}
  m_Enabled: 1
  m_EditorHideFlags: 0
  m_Script: {fileID: 11500000, guid: 7b83b7c357b2a7845af1797af1acf582, type: 3}
  m_Name: 
  m_EditorClassIdentifier: 
--- !u!1001 &910898783
PrefabInstance:
  m_ObjectHideFlags: 0
  serializedVersion: 2
  m_Modification:
    serializedVersion: 3
    m_TransformParent: {fileID: 970260943}
    m_Modifications:
    - target: {fileID: 4065830581799153476, guid: 93dca05360d261d4ca40a7d0d4206ea7, type: 3}
      propertyPath: m_Pivot.x
      value: 0.5
      objectReference: {fileID: 0}
    - target: {fileID: 4065830581799153476, guid: 93dca05360d261d4ca40a7d0d4206ea7, type: 3}
      propertyPath: m_Pivot.y
      value: 0.5
      objectReference: {fileID: 0}
    - target: {fileID: 4065830581799153476, guid: 93dca05360d261d4ca40a7d0d4206ea7, type: 3}
      propertyPath: m_AnchorMax.x
      value: 0.5
      objectReference: {fileID: 0}
    - target: {fileID: 4065830581799153476, guid: 93dca05360d261d4ca40a7d0d4206ea7, type: 3}
      propertyPath: m_AnchorMax.y
      value: 0.5
      objectReference: {fileID: 0}
    - target: {fileID: 4065830581799153476, guid: 93dca05360d261d4ca40a7d0d4206ea7, type: 3}
      propertyPath: m_AnchorMin.x
      value: 0.5
      objectReference: {fileID: 0}
    - target: {fileID: 4065830581799153476, guid: 93dca05360d261d4ca40a7d0d4206ea7, type: 3}
      propertyPath: m_AnchorMin.y
      value: 0.5
      objectReference: {fileID: 0}
    - target: {fileID: 4065830581799153476, guid: 93dca05360d261d4ca40a7d0d4206ea7, type: 3}
      propertyPath: m_SizeDelta.x
      value: 50
      objectReference: {fileID: 0}
    - target: {fileID: 4065830581799153476, guid: 93dca05360d261d4ca40a7d0d4206ea7, type: 3}
      propertyPath: m_SizeDelta.y
      value: 50
      objectReference: {fileID: 0}
    - target: {fileID: 4065830581799153476, guid: 93dca05360d261d4ca40a7d0d4206ea7, type: 3}
      propertyPath: m_LocalPosition.x
      value: 0
      objectReference: {fileID: 0}
    - target: {fileID: 4065830581799153476, guid: 93dca05360d261d4ca40a7d0d4206ea7, type: 3}
      propertyPath: m_LocalPosition.y
      value: 0
      objectReference: {fileID: 0}
    - target: {fileID: 4065830581799153476, guid: 93dca05360d261d4ca40a7d0d4206ea7, type: 3}
      propertyPath: m_LocalPosition.z
      value: 0
      objectReference: {fileID: 0}
    - target: {fileID: 4065830581799153476, guid: 93dca05360d261d4ca40a7d0d4206ea7, type: 3}
      propertyPath: m_LocalRotation.w
      value: 1
      objectReference: {fileID: 0}
    - target: {fileID: 4065830581799153476, guid: 93dca05360d261d4ca40a7d0d4206ea7, type: 3}
      propertyPath: m_LocalRotation.x
      value: -0
      objectReference: {fileID: 0}
    - target: {fileID: 4065830581799153476, guid: 93dca05360d261d4ca40a7d0d4206ea7, type: 3}
      propertyPath: m_LocalRotation.y
      value: -0
      objectReference: {fileID: 0}
    - target: {fileID: 4065830581799153476, guid: 93dca05360d261d4ca40a7d0d4206ea7, type: 3}
      propertyPath: m_LocalRotation.z
      value: -0
      objectReference: {fileID: 0}
    - target: {fileID: 4065830581799153476, guid: 93dca05360d261d4ca40a7d0d4206ea7, type: 3}
      propertyPath: m_AnchoredPosition.x
      value: -109.5
      objectReference: {fileID: 0}
    - target: {fileID: 4065830581799153476, guid: 93dca05360d261d4ca40a7d0d4206ea7, type: 3}
      propertyPath: m_AnchoredPosition.y
      value: -195
      objectReference: {fileID: 0}
    - target: {fileID: 4065830581799153476, guid: 93dca05360d261d4ca40a7d0d4206ea7, type: 3}
      propertyPath: m_LocalEulerAnglesHint.x
      value: 0
      objectReference: {fileID: 0}
    - target: {fileID: 4065830581799153476, guid: 93dca05360d261d4ca40a7d0d4206ea7, type: 3}
      propertyPath: m_LocalEulerAnglesHint.y
      value: 0
      objectReference: {fileID: 0}
    - target: {fileID: 4065830581799153476, guid: 93dca05360d261d4ca40a7d0d4206ea7, type: 3}
      propertyPath: m_LocalEulerAnglesHint.z
      value: 0
      objectReference: {fileID: 0}
    - target: {fileID: 8067434532505438874, guid: 93dca05360d261d4ca40a7d0d4206ea7, type: 3}
      propertyPath: m_Name
      value: Player
      objectReference: {fileID: 0}
    m_RemovedComponents: []
    m_RemovedGameObjects: []
    m_AddedGameObjects: []
    m_AddedComponents: []
  m_SourcePrefab: {fileID: 100100000, guid: 93dca05360d261d4ca40a7d0d4206ea7, type: 3}
--- !u!1 &970260942
GameObject:
  m_ObjectHideFlags: 0
  m_CorrespondingSourceObject: {fileID: 0}
  m_PrefabInstance: {fileID: 0}
  m_PrefabAsset: {fileID: 0}
  serializedVersion: 6
  m_Component:
  - component: {fileID: 970260943}
  m_Layer: 0
  m_Name: BackgroundUI
  m_TagString: Untagged
  m_Icon: {fileID: 0}
  m_NavMeshLayer: 0
  m_StaticEditorFlags: 0
  m_IsActive: 1
--- !u!4 &970260943
Transform:
  m_ObjectHideFlags: 0
  m_CorrespondingSourceObject: {fileID: 0}
  m_PrefabInstance: {fileID: 0}
  m_PrefabAsset: {fileID: 0}
  m_GameObject: {fileID: 970260942}
  serializedVersion: 2
  m_LocalRotation: {x: 0, y: 0, z: 0, w: 1}
  m_LocalPosition: {x: 109.5, y: 195, z: 0}
  m_LocalScale: {x: 1, y: 1, z: 1}
  m_ConstrainProportionsScale: 0
  m_Children:
  - {fileID: 1580457331}
  - {fileID: 1147143474}
  m_Father: {fileID: 0}
  m_LocalEulerAnglesHint: {x: 0, y: 0, z: 0}
--- !u!224 &1147143474 stripped
RectTransform:
  m_CorrespondingSourceObject: {fileID: 4065830581799153476, guid: 93dca05360d261d4ca40a7d0d4206ea7, type: 3}
  m_PrefabInstance: {fileID: 910898783}
  m_PrefabAsset: {fileID: 0}
--- !u!1001 &1157439476
PrefabInstance:
  m_ObjectHideFlags: 0
  serializedVersion: 2
  m_Modification:
    serializedVersion: 3
    m_TransformParent: {fileID: 0}
    m_Modifications:
    - target: {fileID: 2529806856593817847, guid: 9e1e49c4760aeca4fa86f751760d0919, type: 3}
      propertyPath: m_LocalPosition.x
      value: 0
      objectReference: {fileID: 0}
    - target: {fileID: 2529806856593817847, guid: 9e1e49c4760aeca4fa86f751760d0919, type: 3}
      propertyPath: m_LocalPosition.y
      value: 1
      objectReference: {fileID: 0}
    - target: {fileID: 2529806856593817847, guid: 9e1e49c4760aeca4fa86f751760d0919, type: 3}
      propertyPath: m_LocalPosition.z
      value: -10
      objectReference: {fileID: 0}
    - target: {fileID: 2529806856593817847, guid: 9e1e49c4760aeca4fa86f751760d0919, type: 3}
      propertyPath: m_LocalRotation.w
      value: 1
      objectReference: {fileID: 0}
    - target: {fileID: 2529806856593817847, guid: 9e1e49c4760aeca4fa86f751760d0919, type: 3}
      propertyPath: m_LocalRotation.x
      value: 0
      objectReference: {fileID: 0}
    - target: {fileID: 2529806856593817847, guid: 9e1e49c4760aeca4fa86f751760d0919, type: 3}
      propertyPath: m_LocalRotation.y
      value: 0
      objectReference: {fileID: 0}
    - target: {fileID: 2529806856593817847, guid: 9e1e49c4760aeca4fa86f751760d0919, type: 3}
      propertyPath: m_LocalRotation.z
      value: 0
      objectReference: {fileID: 0}
    - target: {fileID: 2529806856593817847, guid: 9e1e49c4760aeca4fa86f751760d0919, type: 3}
      propertyPath: m_LocalEulerAnglesHint.x
      value: 0
      objectReference: {fileID: 0}
    - target: {fileID: 2529806856593817847, guid: 9e1e49c4760aeca4fa86f751760d0919, type: 3}
      propertyPath: m_LocalEulerAnglesHint.y
      value: 0
      objectReference: {fileID: 0}
    - target: {fileID: 2529806856593817847, guid: 9e1e49c4760aeca4fa86f751760d0919, type: 3}
      propertyPath: m_LocalEulerAnglesHint.z
      value: 0
      objectReference: {fileID: 0}
    - target: {fileID: 3922042229920296892, guid: 9e1e49c4760aeca4fa86f751760d0919, type: 3}
      propertyPath: m_Name
      value: GameCamera
      objectReference: {fileID: 0}
    - target: {fileID: 7246004831788920610, guid: 9e1e49c4760aeca4fa86f751760d0919, type: 3}
      propertyPath: far clip plane
      value: 20
      objectReference: {fileID: 0}
    m_RemovedComponents: []
    m_RemovedGameObjects: []
    m_AddedGameObjects: []
    m_AddedComponents: []
  m_SourcePrefab: {fileID: 100100000, guid: 9e1e49c4760aeca4fa86f751760d0919, type: 3}
--- !u!1 &1242472037
GameObject:
  m_ObjectHideFlags: 0
  m_CorrespondingSourceObject: {fileID: 0}
  m_PrefabInstance: {fileID: 0}
  m_PrefabAsset: {fileID: 0}
  serializedVersion: 6
  m_Component:
  - component: {fileID: 1242472038}
  - component: {fileID: 1242472040}
  - component: {fileID: 1242472039}
  m_Layer: 5
  m_Name: Image (3)
  m_TagString: Untagged
  m_Icon: {fileID: 0}
  m_NavMeshLayer: 0
  m_StaticEditorFlags: 0
  m_IsActive: 1
--- !u!224 &1242472038
RectTransform:
  m_ObjectHideFlags: 0
  m_CorrespondingSourceObject: {fileID: 0}
  m_PrefabInstance: {fileID: 0}
  m_PrefabAsset: {fileID: 0}
  m_GameObject: {fileID: 1242472037}
  m_LocalRotation: {x: 0, y: 0, z: 0, w: 1}
  m_LocalPosition: {x: 0, y: 0, z: 0}
  m_LocalScale: {x: 1, y: 1, z: 1}
  m_ConstrainProportionsScale: 0
  m_Children: []
  m_Father: {fileID: 1580457331}
  m_LocalEulerAnglesHint: {x: 0, y: 0, z: 0}
  m_AnchorMin: {x: 0, y: 0}
  m_AnchorMax: {x: 1, y: 0}
  m_AnchoredPosition: {x: 0, y: 0}
  m_SizeDelta: {x: 0, y: 200}
  m_Pivot: {x: 0.5, y: 0}
--- !u!114 &1242472039
MonoBehaviour:
  m_ObjectHideFlags: 0
  m_CorrespondingSourceObject: {fileID: 0}
  m_PrefabInstance: {fileID: 0}
  m_PrefabAsset: {fileID: 0}
  m_GameObject: {fileID: 1242472037}
  m_Enabled: 1
  m_EditorHideFlags: 0
  m_Script: {fileID: 11500000, guid: fe87c0e1cc204ed48ad3b37840f39efc, type: 3}
  m_Name: 
  m_EditorClassIdentifier: 
  m_Material: {fileID: 0}
  m_Color: {r: 0.2784314, g: 0.22745098, b: 0.40784314, a: 1}
  m_RaycastTarget: 1
  m_RaycastPadding: {x: 0, y: 0, z: 0, w: 0}
  m_Maskable: 1
  m_OnCullStateChanged:
    m_PersistentCalls:
      m_Calls: []
  m_Sprite: {fileID: 0}
  m_Type: 0
  m_PreserveAspect: 0
  m_FillCenter: 1
  m_FillMethod: 4
  m_FillAmount: 1
  m_FillClockwise: 1
  m_FillOrigin: 0
  m_UseSpriteMesh: 0
  m_PixelsPerUnitMultiplier: 1
--- !u!222 &1242472040
CanvasRenderer:
  m_ObjectHideFlags: 0
  m_CorrespondingSourceObject: {fileID: 0}
  m_PrefabInstance: {fileID: 0}
  m_PrefabAsset: {fileID: 0}
  m_GameObject: {fileID: 1242472037}
  m_CullTransparentMesh: 1
--- !u!1 &1580457327
GameObject:
  m_ObjectHideFlags: 0
  m_CorrespondingSourceObject: {fileID: 0}
  m_PrefabInstance: {fileID: 0}
  m_PrefabAsset: {fileID: 0}
  serializedVersion: 6
  m_Component:
  - component: {fileID: 1580457331}
  - component: {fileID: 1580457330}
  - component: {fileID: 1580457329}
  - component: {fileID: 1580457328}
  m_Layer: 5
  m_Name: Canvas
  m_TagString: Untagged
  m_Icon: {fileID: 0}
  m_NavMeshLayer: 0
  m_StaticEditorFlags: 0
  m_IsActive: 1
--- !u!114 &1580457328
MonoBehaviour:
  m_ObjectHideFlags: 0
  m_CorrespondingSourceObject: {fileID: 0}
  m_PrefabInstance: {fileID: 0}
  m_PrefabAsset: {fileID: 0}
  m_GameObject: {fileID: 1580457327}
  m_Enabled: 1
  m_EditorHideFlags: 0
  m_Script: {fileID: 11500000, guid: dc42784cf147c0c48a680349fa168899, type: 3}
  m_Name: 
  m_EditorClassIdentifier: 
  m_IgnoreReversedGraphics: 1
  m_BlockingObjects: 0
  m_BlockingMask:
    serializedVersion: 2
    m_Bits: 4294967295
--- !u!114 &1580457329
MonoBehaviour:
  m_ObjectHideFlags: 0
  m_CorrespondingSourceObject: {fileID: 0}
  m_PrefabInstance: {fileID: 0}
  m_PrefabAsset: {fileID: 0}
  m_GameObject: {fileID: 1580457327}
  m_Enabled: 1
  m_EditorHideFlags: 0
  m_Script: {fileID: 11500000, guid: 0cd44c1031e13a943bb63640046fad76, type: 3}
  m_Name: 
  m_EditorClassIdentifier: 
  m_UiScaleMode: 1
  m_ReferencePixelsPerUnit: 100
  m_ScaleFactor: 1
  m_ReferenceResolution: {x: 1080, y: 1920}
  m_ScreenMatchMode: 0
  m_MatchWidthOrHeight: 0
  m_PhysicalUnit: 3
  m_FallbackScreenDPI: 96
  m_DefaultSpriteDPI: 96
  m_DynamicPixelsPerUnit: 1
  m_PresetInfoIsWorld: 0
--- !u!223 &1580457330
Canvas:
  m_ObjectHideFlags: 0
  m_CorrespondingSourceObject: {fileID: 0}
  m_PrefabInstance: {fileID: 0}
  m_PrefabAsset: {fileID: 0}
  m_GameObject: {fileID: 1580457327}
  m_Enabled: 1
  serializedVersion: 3
  m_RenderMode: 0
  m_Camera: {fileID: 0}
  m_PlaneDistance: 100
  m_PixelPerfect: 0
  m_ReceivesEvents: 1
  m_OverrideSorting: 0
  m_OverridePixelPerfect: 0
  m_SortingBucketNormalizedSize: 0
  m_VertexColorAlwaysGammaSpace: 0
  m_AdditionalShaderChannelsFlag: 0
  m_UpdateRectTransformForStandalone: 0
  m_SortingLayerID: 0
  m_SortingOrder: -1
  m_TargetDisplay: 0
--- !u!224 &1580457331
RectTransform:
  m_ObjectHideFlags: 0
  m_CorrespondingSourceObject: {fileID: 0}
  m_PrefabInstance: {fileID: 0}
  m_PrefabAsset: {fileID: 0}
  m_GameObject: {fileID: 1580457327}
  m_LocalRotation: {x: 0, y: 0, z: 0, w: 1}
  m_LocalPosition: {x: 0, y: 0, z: 0}
  m_LocalScale: {x: 0, y: 0, z: 0}
  m_ConstrainProportionsScale: 0
  m_Children:
  - {fileID: 254702646}
  - {fileID: 509922631}
  - {fileID: 636662609}
  - {fileID: 1242472038}
  m_Father: {fileID: 970260943}
  m_LocalEulerAnglesHint: {x: 0, y: 0, z: 0}
  m_AnchorMin: {x: 0, y: 0}
  m_AnchorMax: {x: 0, y: 0}
  m_AnchoredPosition: {x: 0, y: 0}
  m_SizeDelta: {x: 0, y: 0}
  m_Pivot: {x: 0, y: 0}
--- !u!1001 &3422058530826243333
PrefabInstance:
  m_ObjectHideFlags: 0
  serializedVersion: 2
  m_Modification:
    serializedVersion: 3
    m_TransformParent: {fileID: 0}
    m_Modifications:
    - target: {fileID: 363269753553096445, guid: 1cfe162195b033147bf0776326efe67f, type: 3}
      propertyPath: GameEndPage
      value: 
      objectReference: {fileID: 0}
    - target: {fileID: 502650456816986203, guid: 1cfe162195b033147bf0776326efe67f, type: 3}
      propertyPath: m_BlockingMask.m_Bits
      value: 4
      objectReference: {fileID: 0}
    - target: {fileID: 1692080735158965076, guid: 1cfe162195b033147bf0776326efe67f, type: 3}
      propertyPath: m_AnchorMax.x
      value: 0.82500005
      objectReference: {fileID: 0}
    - target: {fileID: 1692080735158965076, guid: 1cfe162195b033147bf0776326efe67f, type: 3}
      propertyPath: m_AnchorMax.y
      value: 0.10388761
      objectReference: {fileID: 0}
    - target: {fileID: 1692080735158965076, guid: 1cfe162195b033147bf0776326efe67f, type: 3}
      propertyPath: m_AnchorMin.x
      value: 0.6287501
      objectReference: {fileID: 0}
    - target: {fileID: 1692080735158965076, guid: 1cfe162195b033147bf0776326efe67f, type: 3}
      propertyPath: m_SizeDelta.x
      value: 140
      objectReference: {fileID: 0}
    - target: {fileID: 1692080735158965076, guid: 1cfe162195b033147bf0776326efe67f, type: 3}
      propertyPath: m_SizeDelta.y
      value: 0
      objectReference: {fileID: 0}
    - target: {fileID: 1692080735158965076, guid: 1cfe162195b033147bf0776326efe67f, type: 3}
      propertyPath: m_AnchoredPosition.x
      value: -75
      objectReference: {fileID: 0}
    - target: {fileID: 1692080735158965076, guid: 1cfe162195b033147bf0776326efe67f, type: 3}
      propertyPath: m_AnchoredPosition.y
      value: 77
      objectReference: {fileID: 0}
    - target: {fileID: 2709202715321104249, guid: 1cfe162195b033147bf0776326efe67f, type: 3}
      propertyPath: m_SizeDelta.x
      value: 0
      objectReference: {fileID: 0}
    - target: {fileID: 2709202715321104249, guid: 1cfe162195b033147bf0776326efe67f, type: 3}
      propertyPath: m_AnchoredPosition.x
      value: 0
      objectReference: {fileID: 0}
    - target: {fileID: 2776449416303004346, guid: 1cfe162195b033147bf0776326efe67f, type: 3}
      propertyPath: m_Name
      value: GampleyCanvas
      objectReference: {fileID: 0}
    - target: {fileID: 4718048635895526163, guid: 1cfe162195b033147bf0776326efe67f, type: 3}
      propertyPath: m_text
      value: 
      objectReference: {fileID: 0}
    - target: {fileID: 7559901768634881255, guid: 1cfe162195b033147bf0776326efe67f, type: 3}
      propertyPath: m_Pivot.x
      value: 0
      objectReference: {fileID: 0}
    - target: {fileID: 7559901768634881255, guid: 1cfe162195b033147bf0776326efe67f, type: 3}
      propertyPath: m_Pivot.y
      value: 0
      objectReference: {fileID: 0}
    - target: {fileID: 7559901768634881255, guid: 1cfe162195b033147bf0776326efe67f, type: 3}
      propertyPath: m_AnchorMax.x
      value: 0
      objectReference: {fileID: 0}
    - target: {fileID: 7559901768634881255, guid: 1cfe162195b033147bf0776326efe67f, type: 3}
      propertyPath: m_AnchorMax.y
      value: 0
      objectReference: {fileID: 0}
    - target: {fileID: 7559901768634881255, guid: 1cfe162195b033147bf0776326efe67f, type: 3}
      propertyPath: m_AnchorMin.x
      value: 0
      objectReference: {fileID: 0}
    - target: {fileID: 7559901768634881255, guid: 1cfe162195b033147bf0776326efe67f, type: 3}
      propertyPath: m_AnchorMin.y
      value: 0
      objectReference: {fileID: 0}
    - target: {fileID: 7559901768634881255, guid: 1cfe162195b033147bf0776326efe67f, type: 3}
      propertyPath: m_SizeDelta.x
      value: 0
      objectReference: {fileID: 0}
    - target: {fileID: 7559901768634881255, guid: 1cfe162195b033147bf0776326efe67f, type: 3}
      propertyPath: m_SizeDelta.y
      value: 0
      objectReference: {fileID: 0}
    - target: {fileID: 7559901768634881255, guid: 1cfe162195b033147bf0776326efe67f, type: 3}
      propertyPath: m_LocalPosition.x
      value: 0
      objectReference: {fileID: 0}
    - target: {fileID: 7559901768634881255, guid: 1cfe162195b033147bf0776326efe67f, type: 3}
      propertyPath: m_LocalPosition.y
      value: 0
      objectReference: {fileID: 0}
    - target: {fileID: 7559901768634881255, guid: 1cfe162195b033147bf0776326efe67f, type: 3}
      propertyPath: m_LocalPosition.z
      value: 0
      objectReference: {fileID: 0}
    - target: {fileID: 7559901768634881255, guid: 1cfe162195b033147bf0776326efe67f, type: 3}
      propertyPath: m_LocalRotation.w
      value: 1
      objectReference: {fileID: 0}
    - target: {fileID: 7559901768634881255, guid: 1cfe162195b033147bf0776326efe67f, type: 3}
      propertyPath: m_LocalRotation.x
      value: 0
      objectReference: {fileID: 0}
    - target: {fileID: 7559901768634881255, guid: 1cfe162195b033147bf0776326efe67f, type: 3}
      propertyPath: m_LocalRotation.y
      value: 0
      objectReference: {fileID: 0}
    - target: {fileID: 7559901768634881255, guid: 1cfe162195b033147bf0776326efe67f, type: 3}
      propertyPath: m_LocalRotation.z
      value: 0
      objectReference: {fileID: 0}
    - target: {fileID: 7559901768634881255, guid: 1cfe162195b033147bf0776326efe67f, type: 3}
      propertyPath: m_AnchoredPosition.x
      value: 0
      objectReference: {fileID: 0}
    - target: {fileID: 7559901768634881255, guid: 1cfe162195b033147bf0776326efe67f, type: 3}
      propertyPath: m_AnchoredPosition.y
      value: 0
      objectReference: {fileID: 0}
    - target: {fileID: 7559901768634881255, guid: 1cfe162195b033147bf0776326efe67f, type: 3}
      propertyPath: m_LocalEulerAnglesHint.x
      value: 0
      objectReference: {fileID: 0}
    - target: {fileID: 7559901768634881255, guid: 1cfe162195b033147bf0776326efe67f, type: 3}
      propertyPath: m_LocalEulerAnglesHint.y
      value: 0
      objectReference: {fileID: 0}
    - target: {fileID: 7559901768634881255, guid: 1cfe162195b033147bf0776326efe67f, type: 3}
      propertyPath: m_LocalEulerAnglesHint.z
      value: 0
      objectReference: {fileID: 0}
    - target: {fileID: 7651590209843714463, guid: 1cfe162195b033147bf0776326efe67f, type: 3}
      propertyPath: m_AnchoredPosition.x
      value: 460
      objectReference: {fileID: 0}
    - target: {fileID: 7651590209843714463, guid: 1cfe162195b033147bf0776326efe67f, type: 3}
      propertyPath: m_AnchoredPosition.y
      value: -713
      objectReference: {fileID: 0}
    m_RemovedComponents: []
    m_RemovedGameObjects: []
    m_AddedGameObjects: []
    m_AddedComponents: []
  m_SourcePrefab: {fileID: 100100000, guid: 1cfe162195b033147bf0776326efe67f, type: 3}
--- !u!1001 &3964061465452272343
PrefabInstance:
  m_ObjectHideFlags: 0
  serializedVersion: 2
  m_Modification:
    serializedVersion: 3
    m_TransformParent: {fileID: 0}
    m_Modifications:
    - target: {fileID: 392494676109664675, guid: 2be58fd931fbc0c448c3abd8b3f6127f, type: 3}
      propertyPath: m_AnchorMax.y
      value: 0
      objectReference: {fileID: 0}
    - target: {fileID: 392494676109664675, guid: 2be58fd931fbc0c448c3abd8b3f6127f, type: 3}
      propertyPath: m_AnchorMin.y
      value: 0
      objectReference: {fileID: 0}
    - target: {fileID: 392494676109664675, guid: 2be58fd931fbc0c448c3abd8b3f6127f, type: 3}
      propertyPath: m_AnchoredPosition.x
      value: 0
      objectReference: {fileID: 0}
    - target: {fileID: 392494676109664675, guid: 2be58fd931fbc0c448c3abd8b3f6127f, type: 3}
      propertyPath: m_AnchoredPosition.y
      value: 0
      objectReference: {fileID: 0}
    - target: {fileID: 658138445933547822, guid: 2be58fd931fbc0c448c3abd8b3f6127f, type: 3}
      propertyPath: m_LocalPosition.x
      value: 103.95266
      objectReference: {fileID: 0}
    - target: {fileID: 658138445933547822, guid: 2be58fd931fbc0c448c3abd8b3f6127f, type: 3}
      propertyPath: m_LocalPosition.y
      value: 30.173683
      objectReference: {fileID: 0}
    - target: {fileID: 658138445933547822, guid: 2be58fd931fbc0c448c3abd8b3f6127f, type: 3}
      propertyPath: m_LocalPosition.z
      value: 12.18293
      objectReference: {fileID: 0}
    - target: {fileID: 658138445933547822, guid: 2be58fd931fbc0c448c3abd8b3f6127f, type: 3}
      propertyPath: m_LocalRotation.w
      value: 1
      objectReference: {fileID: 0}
    - target: {fileID: 658138445933547822, guid: 2be58fd931fbc0c448c3abd8b3f6127f, type: 3}
      propertyPath: m_LocalRotation.x
      value: 0
      objectReference: {fileID: 0}
    - target: {fileID: 658138445933547822, guid: 2be58fd931fbc0c448c3abd8b3f6127f, type: 3}
      propertyPath: m_LocalRotation.y
      value: 0
      objectReference: {fileID: 0}
    - target: {fileID: 658138445933547822, guid: 2be58fd931fbc0c448c3abd8b3f6127f, type: 3}
      propertyPath: m_LocalRotation.z
      value: 0
      objectReference: {fileID: 0}
    - target: {fileID: 658138445933547822, guid: 2be58fd931fbc0c448c3abd8b3f6127f, type: 3}
      propertyPath: m_LocalEulerAnglesHint.x
      value: 0
      objectReference: {fileID: 0}
    - target: {fileID: 658138445933547822, guid: 2be58fd931fbc0c448c3abd8b3f6127f, type: 3}
      propertyPath: m_LocalEulerAnglesHint.y
      value: 0
      objectReference: {fileID: 0}
    - target: {fileID: 658138445933547822, guid: 2be58fd931fbc0c448c3abd8b3f6127f, type: 3}
      propertyPath: m_LocalEulerAnglesHint.z
      value: 0
      objectReference: {fileID: 0}
    - target: {fileID: 4241051257287388949, guid: 2be58fd931fbc0c448c3abd8b3f6127f, type: 3}
      propertyPath: sceneViewId
      value: 3
      objectReference: {fileID: 0}
    - target: {fileID: 4549277602932824224, guid: 2be58fd931fbc0c448c3abd8b3f6127f, type: 3}
      propertyPath: m_Name
      value: EmojiUI
      objectReference: {fileID: 0}
    - target: {fileID: 5528754208140083991, guid: 2be58fd931fbc0c448c3abd8b3f6127f, type: 3}
      propertyPath: sceneViewId
      value: 1
      objectReference: {fileID: 0}
    - target: {fileID: 6814591140354019604, guid: 2be58fd931fbc0c448c3abd8b3f6127f, type: 3}
      propertyPath: m_AnchorMax.y
      value: 0
      objectReference: {fileID: 0}
    - target: {fileID: 6814591140354019604, guid: 2be58fd931fbc0c448c3abd8b3f6127f, type: 3}
      propertyPath: m_AnchorMin.y
      value: 0
      objectReference: {fileID: 0}
    - target: {fileID: 6814591140354019604, guid: 2be58fd931fbc0c448c3abd8b3f6127f, type: 3}
      propertyPath: m_AnchoredPosition.x
      value: 0
      objectReference: {fileID: 0}
    - target: {fileID: 6814591140354019604, guid: 2be58fd931fbc0c448c3abd8b3f6127f, type: 3}
      propertyPath: m_AnchoredPosition.y
      value: 0
      objectReference: {fileID: 0}
    - target: {fileID: 7301677593354680549, guid: 2be58fd931fbc0c448c3abd8b3f6127f, type: 3}
      propertyPath: m_AnchorMax.y
      value: 0
      objectReference: {fileID: 0}
    - target: {fileID: 7301677593354680549, guid: 2be58fd931fbc0c448c3abd8b3f6127f, type: 3}
      propertyPath: m_AnchorMin.y
      value: 0
      objectReference: {fileID: 0}
    - target: {fileID: 7301677593354680549, guid: 2be58fd931fbc0c448c3abd8b3f6127f, type: 3}
      propertyPath: m_AnchoredPosition.x
      value: 0
      objectReference: {fileID: 0}
    - target: {fileID: 7301677593354680549, guid: 2be58fd931fbc0c448c3abd8b3f6127f, type: 3}
      propertyPath: m_AnchoredPosition.y
      value: 0
      objectReference: {fileID: 0}
    - target: {fileID: 9191998824767416878, guid: 2be58fd931fbc0c448c3abd8b3f6127f, type: 3}
      propertyPath: sceneViewId
      value: 2
      objectReference: {fileID: 0}
    m_RemovedComponents: []
    m_RemovedGameObjects: []
    m_AddedGameObjects: []
    m_AddedComponents: []
  m_SourcePrefab: {fileID: 100100000, guid: 2be58fd931fbc0c448c3abd8b3f6127f, type: 3}
--- !u!1001 &5788286273275277794
PrefabInstance:
  m_ObjectHideFlags: 0
  serializedVersion: 2
  m_Modification:
    serializedVersion: 3
    m_TransformParent: {fileID: 0}
    m_Modifications:
    - target: {fileID: 1814389113998125914, guid: 0ef8be15719737b49b38b9da9ee1d66b, type: 3}
      propertyPath: _gameEventAsset
      value: 
      objectReference: {fileID: 0}
    - target: {fileID: 2370969270049080523, guid: 0ef8be15719737b49b38b9da9ee1d66b, type: 3}
      propertyPath: _timer
      value: 
      objectReference: {fileID: 842823363}
    - target: {fileID: 2370969270049080523, guid: 0ef8be15719737b49b38b9da9ee1d66b, type: 3}
      propertyPath: playerCount
      value: 4
      objectReference: {fileID: 0}
    - target: {fileID: 2370969270049080523, guid: 0ef8be15719737b49b38b9da9ee1d66b, type: 3}
      propertyPath: AIplayerCount
      value: 1
      objectReference: {fileID: 0}
    - target: {fileID: 2370969270049080523, guid: 0ef8be15719737b49b38b9da9ee1d66b, type: 3}
      propertyPath: playerContainer
      value: 
      objectReference: {fileID: 524327149}
    - target: {fileID: 2370969270049080523, guid: 0ef8be15719737b49b38b9da9ee1d66b, type: 3}
      propertyPath: _captureSFX.Path
      value: event:/BoxCapture
      objectReference: {fileID: 0}
    - target: {fileID: 2370969270049080523, guid: 0ef8be15719737b49b38b9da9ee1d66b, type: 3}
      propertyPath: gameOverAudioClip
      value: 
      objectReference: {fileID: 8300000, guid: 4ff159bfdb26b0e4db6e84cbcec0185f, type: 3}
    - target: {fileID: 2370969270049080523, guid: 0ef8be15719737b49b38b9da9ee1d66b, type: 3}
      propertyPath: _captureSFX.Guid.Data1
      value: 241258278
      objectReference: {fileID: 0}
    - target: {fileID: 2370969270049080523, guid: 0ef8be15719737b49b38b9da9ee1d66b, type: 3}
      propertyPath: _captureSFX.Guid.Data2
      value: 1136659482
      objectReference: {fileID: 0}
    - target: {fileID: 2370969270049080523, guid: 0ef8be15719737b49b38b9da9ee1d66b, type: 3}
      propertyPath: _captureSFX.Guid.Data3
      value: 1410593702
      objectReference: {fileID: 0}
    - target: {fileID: 2370969270049080523, guid: 0ef8be15719737b49b38b9da9ee1d66b, type: 3}
      propertyPath: _captureSFX.Guid.Data4
      value: -1745492853
      objectReference: {fileID: 0}
    - target: {fileID: 2370969270049080523, guid: 0ef8be15719737b49b38b9da9ee1d66b, type: 3}
      propertyPath: playerColor.Array.data[0].myColor.a
      value: 1
      objectReference: {fileID: 0}
    - target: {fileID: 2370969270049080523, guid: 0ef8be15719737b49b38b9da9ee1d66b, type: 3}
      propertyPath: playerColor.Array.data[1].myColor.a
      value: 1
      objectReference: {fileID: 0}
    - target: {fileID: 2370969270049080523, guid: 0ef8be15719737b49b38b9da9ee1d66b, type: 3}
      propertyPath: playerColor.Array.data[2].myColor.a
      value: 1
      objectReference: {fileID: 0}
    - target: {fileID: 2370969270049080523, guid: 0ef8be15719737b49b38b9da9ee1d66b, type: 3}
      propertyPath: playerColor.Array.data[3].myColor.a
      value: 1
      objectReference: {fileID: 0}
    - target: {fileID: 4101787855786060510, guid: 0ef8be15719737b49b38b9da9ee1d66b, type: 3}
      propertyPath: _useFilter
      value: 0
      objectReference: {fileID: 0}
    - target: {fileID: 4101787855786060510, guid: 0ef8be15719737b49b38b9da9ee1d66b, type: 3}
      propertyPath: _filterValues.Array.size
      value: 0
      objectReference: {fileID: 0}
    - target: {fileID: 4101787855786060510, guid: 0ef8be15719737b49b38b9da9ee1d66b, type: 3}
      propertyPath: '_filterValues.Array.data[0]'
      value: 1
      objectReference: {fileID: 0}
    - target: {fileID: 4101787855786060510, guid: 0ef8be15719737b49b38b9da9ee1d66b, type: 3}
      propertyPath: '_filterValues.Array.data[1]'
      value: 1
      objectReference: {fileID: 0}
    - target: {fileID: 4101787855786060510, guid: 0ef8be15719737b49b38b9da9ee1d66b, type: 3}
      propertyPath: OnGameEventInvoked.m_PersistentCalls.m_Calls.Array.size
      value: 1
      objectReference: {fileID: 0}
    - target: {fileID: 4101787855786060510, guid: 0ef8be15719737b49b38b9da9ee1d66b, type: 3}
      propertyPath: OnGameEventInvoked.m_PersistentCalls.m_Calls.Array.data[1].m_Mode
      value: 1
      objectReference: {fileID: 0}
    - target: {fileID: 4101787855786060510, guid: 0ef8be15719737b49b38b9da9ee1d66b, type: 3}
      propertyPath: OnGameEventInvoked.m_PersistentCalls.m_Calls.Array.data[1].m_Target
      value: 
      objectReference: {fileID: 5788286273275277795}
    - target: {fileID: 4101787855786060510, guid: 0ef8be15719737b49b38b9da9ee1d66b, type: 3}
      propertyPath: OnGameEventInvoked.m_PersistentCalls.m_Calls.Array.data[1].m_CallState
      value: 2
      objectReference: {fileID: 0}
    - target: {fileID: 4101787855786060510, guid: 0ef8be15719737b49b38b9da9ee1d66b, type: 3}
      propertyPath: OnGameEventInvoked.m_PersistentCalls.m_Calls.Array.data[1].m_MethodName
      value: StopAudio
      objectReference: {fileID: 0}
    - target: {fileID: 4101787855786060510, guid: 0ef8be15719737b49b38b9da9ee1d66b, type: 3}
      propertyPath: OnGameEventInvoked.m_PersistentCalls.m_Calls.Array.data[1].m_TargetAssemblyTypeName
      value: AudioManager, Assembly-CSharp
      objectReference: {fileID: 0}
    - target: {fileID: 4101787855786060510, guid: 0ef8be15719737b49b38b9da9ee1d66b, type: 3}
      propertyPath: OnGameEventInvoked.m_PersistentCalls.m_Calls.Array.data[1].m_Arguments.m_ObjectArgumentAssemblyTypeName
      value: UnityEngine.Object, UnityEngine
      objectReference: {fileID: 0}
    - target: {fileID: 7503299256806860460, guid: 0ef8be15719737b49b38b9da9ee1d66b, type: 3}
      propertyPath: m_LocalPosition.x
      value: 0
      objectReference: {fileID: 0}
    - target: {fileID: 7503299256806860460, guid: 0ef8be15719737b49b38b9da9ee1d66b, type: 3}
      propertyPath: m_LocalPosition.y
      value: 0
      objectReference: {fileID: 0}
    - target: {fileID: 7503299256806860460, guid: 0ef8be15719737b49b38b9da9ee1d66b, type: 3}
      propertyPath: m_LocalPosition.z
      value: 0
      objectReference: {fileID: 0}
    - target: {fileID: 7503299256806860460, guid: 0ef8be15719737b49b38b9da9ee1d66b, type: 3}
      propertyPath: m_LocalRotation.w
      value: 1
      objectReference: {fileID: 0}
    - target: {fileID: 7503299256806860460, guid: 0ef8be15719737b49b38b9da9ee1d66b, type: 3}
      propertyPath: m_LocalRotation.x
      value: 0
      objectReference: {fileID: 0}
    - target: {fileID: 7503299256806860460, guid: 0ef8be15719737b49b38b9da9ee1d66b, type: 3}
      propertyPath: m_LocalRotation.y
      value: 0
      objectReference: {fileID: 0}
    - target: {fileID: 7503299256806860460, guid: 0ef8be15719737b49b38b9da9ee1d66b, type: 3}
      propertyPath: m_LocalRotation.z
      value: 0
      objectReference: {fileID: 0}
    - target: {fileID: 7503299256806860460, guid: 0ef8be15719737b49b38b9da9ee1d66b, type: 3}
      propertyPath: m_LocalEulerAnglesHint.x
      value: 0
      objectReference: {fileID: 0}
    - target: {fileID: 7503299256806860460, guid: 0ef8be15719737b49b38b9da9ee1d66b, type: 3}
      propertyPath: m_LocalEulerAnglesHint.y
      value: 0
      objectReference: {fileID: 0}
    - target: {fileID: 7503299256806860460, guid: 0ef8be15719737b49b38b9da9ee1d66b, type: 3}
      propertyPath: m_LocalEulerAnglesHint.z
      value: 0
      objectReference: {fileID: 0}
    - target: {fileID: 7893618246945172323, guid: 0ef8be15719737b49b38b9da9ee1d66b, type: 3}
      propertyPath: _playBeepSound
      value: 
      objectReference: {fileID: 0}
    - target: {fileID: 7893618246945172323, guid: 0ef8be15719737b49b38b9da9ee1d66b, type: 3}
      propertyPath: _beepSound.Path
      value: event:/TimerBeep
      objectReference: {fileID: 0}
    - target: {fileID: 7893618246945172323, guid: 0ef8be15719737b49b38b9da9ee1d66b, type: 3}
      propertyPath: _ingameMusic.Path
      value: event:/InGameMusic
      objectReference: {fileID: 0}
    - target: {fileID: 7893618246945172323, guid: 0ef8be15719737b49b38b9da9ee1d66b, type: 3}
      propertyPath: _beepSound.Guid.Data1
      value: 1771583964
      objectReference: {fileID: 0}
    - target: {fileID: 7893618246945172323, guid: 0ef8be15719737b49b38b9da9ee1d66b, type: 3}
      propertyPath: _beepSound.Guid.Data2
      value: 1211062819
      objectReference: {fileID: 0}
    - target: {fileID: 7893618246945172323, guid: 0ef8be15719737b49b38b9da9ee1d66b, type: 3}
      propertyPath: _beepSound.Guid.Data3
      value: -1063137889
      objectReference: {fileID: 0}
    - target: {fileID: 7893618246945172323, guid: 0ef8be15719737b49b38b9da9ee1d66b, type: 3}
      propertyPath: _beepSound.Guid.Data4
      value: -609316136
      objectReference: {fileID: 0}
    - target: {fileID: 7893618246945172323, guid: 0ef8be15719737b49b38b9da9ee1d66b, type: 3}
      propertyPath: _ingameMusic.Guid.Data1
      value: 1521925374
      objectReference: {fileID: 0}
    - target: {fileID: 7893618246945172323, guid: 0ef8be15719737b49b38b9da9ee1d66b, type: 3}
      propertyPath: _ingameMusic.Guid.Data2
      value: 1261521967
      objectReference: {fileID: 0}
    - target: {fileID: 7893618246945172323, guid: 0ef8be15719737b49b38b9da9ee1d66b, type: 3}
      propertyPath: _ingameMusic.Guid.Data3
      value: 201155220
      objectReference: {fileID: 0}
    - target: {fileID: 7893618246945172323, guid: 0ef8be15719737b49b38b9da9ee1d66b, type: 3}
      propertyPath: _ingameMusic.Guid.Data4
      value: 948766691
      objectReference: {fileID: 0}
    - target: {fileID: 8346012913508034521, guid: 0ef8be15719737b49b38b9da9ee1d66b, type: 3}
      propertyPath: m_Name
      value: GameManager
      objectReference: {fileID: 0}
    m_RemovedComponents: []
    m_RemovedGameObjects: []
    m_AddedGameObjects: []
    m_AddedComponents: []
  m_SourcePrefab: {fileID: 100100000, guid: 0ef8be15719737b49b38b9da9ee1d66b, type: 3}
--- !u!114 &5788286273275277795 stripped
MonoBehaviour:
  m_CorrespondingSourceObject: {fileID: 7893618246945172323, guid: 0ef8be15719737b49b38b9da9ee1d66b, type: 3}
  m_PrefabInstance: {fileID: 5788286273275277794}
  m_PrefabAsset: {fileID: 0}
  m_GameObject: {fileID: 0}
  m_Enabled: 1
  m_EditorHideFlags: 0
  m_Script: {fileID: 11500000, guid: e32350f7a9762234abb134242e538382, type: 3}
  m_Name: 
  m_EditorClassIdentifier: 
--- !u!1660057539 &9223372036854775807
SceneRoots:
  m_ObjectHideFlags: 0
  m_Roots:
  - {fileID: 426354045}
  - {fileID: 970260943}
  - {fileID: 3422058530826243333}
  - {fileID: 389732498}
  - {fileID: 5788286273275277794}
  - {fileID: 530272746}
  - {fileID: 3964061465452272343}
  - {fileID: 1157439476}
